<record><leader>00000cas a22000007a 4500</leader><controlfield tag="001">18320358</controlfield><controlfield tag="008">880808d18841893ohucr ne      0    0eng d</controlfield><datafield ind1=" " ind2=" " tag="010"><subfield code="a">sn 88078758 </subfield></datafield><datafield ind1=" " ind2=" " tag="040"><subfield code="a">ONP</subfield><subfield code="b">eng</subfield><subfield code="c">ONP</subfield><subfield code="d">OCLCQ</subfield></datafield><datafield ind1=" " ind2=" " tag="042"><subfield code="a">msc</subfield></datafield><datafield ind1="0" ind2="0" tag="245"><subfield code="a">Mt. Vernon semi-weekly Republican.</subfield></datafield><datafield ind1="3" ind2="0" tag="246"><subfield code="a">Mount Vernon semi weekly Republican</subfield></datafield><datafield ind1="3" ind2="0" tag="246"><subfield code="a">Semi weekly Mt. Vernon Republican</subfield></datafield><datafield ind1=" " ind2=" " tag="260"><subfield code="a">Mount Vernon, Ohio :</subfield><subfield code="b">C.F. &amp; W.F. Baldwin,</subfield><subfield code="c">1884-1893.</subfield></datafield><datafield ind1=" " ind2=" " tag="300"><subfield code="a">v.</subfield></datafield><datafield ind1=" " ind2=" " tag="310"><subfield code="a">Semiweekly</subfield></datafield><datafield ind1="0" ind2=" " tag="362"><subfield code="a">Vol. 31, no. 1 (Dec. 10, 1884)-v. 39, no. 104 (Dec. 30, 1893).</subfield></datafield><datafield ind1=" " ind2="4" tag="651"><subfield code="a">Mount Vernon (Ohio)</subfield><subfield code="v">Newspapers.</subfield></datafield><datafield ind1=" " ind2="4" tag="651"><subfield code="a">Knox County (Ohio)</subfield><subfield code="v">Newspapers.</subfield></datafield><datafield ind1=" " ind2=" " tag="752"><subfield code="a">United States</subfield><subfield code="b">Ohio</subfield><subfield code="c">Knox</subfield><subfield code="d">Mount Vernon.</subfield></datafield><datafield ind1="0" ind2="0" tag="780"><subfield code="t">Mt. Vernon Republican (Mount Vernon, Ohio : 1854)</subfield><subfield code="w">(DLC)sn 84028554</subfield></datafield><datafield ind1="0" ind2="0" tag="785"><subfield code="t">Mt. Vernon Republican (Mount Vernon, Ohio : 1894)</subfield><subfield code="w">(DLC)sn 88078757</subfield></datafield><datafield ind1="1" ind2=" " tag="029"><subfield code="a">AU@</subfield><subfield code="b">000020525117</subfield></datafield></record>